@online{wiki:cube,
  author = {Wikipedia contributors},
  title  = {Кубик Рубика},
  year   = 2021,
  url    = {https://ru.wikipedia.org/wiki/Кубик_Рубика}
}
